<?xml version="1.0" encoding="UTF-8"?><collection><record><leader>02738ntm a2200397 a 4500</leader><controlfield tag="001">002583092</controlfield><controlfield tag="003">MiAaHDL</controlfield><controlfield tag="005">20190719000000.0</controlfield><controlfield tag="006">m        d        </controlfield><controlfield tag="007">cr bn ---auaua</controlfield><controlfield tag="008">921209q18501899xx            00||  ara d</controlfield><datafield tag="035" ind1=" " ind2=" "><subfield code="a">(MiU)002583092</subfield></datafield><datafield tag="035" ind1=" " ind2=" "><subfield code="a">sdr-miu002583092</subfield></datafield><datafield tag="035" ind1=" " ind2=" "><subfield code="a">(OCoLC)34365380</subfield></datafield><datafield tag="035" ind1=" " ind2=" "><subfield code="a">(RLIN)MIUH92-A41</subfield></datafield><datafield tag="040" ind1=" " ind2=" "><subfield code="a">MiU</subfield><subfield code="c">MiU</subfield><subfield code="e">appm</subfield><subfield code="d">MiU</subfield></datafield><datafield tag="100" ind1="1" ind2=" "><subfield code="6">880-01</subfield><subfield code="a">Zajjāj, Abū Isḥāq Ibrāhīm ibn al-Sarī,</subfield><subfield code="d">-923.</subfield></datafield><datafield tag="245" ind1="1" ind2="0"><subfield code="6">880-02</subfield><subfield code="a">Risālah fī dalālat al-anwāʾ :</subfield><subfield code="k">manuscript,</subfield><subfield code="f">[2nd half of 19th cent.] /</subfield><subfield code="c">li-Abī Isḥāq al-Zajjāj.</subfield></datafield><datafield tag="300" ind1=" " ind2=" "><subfield code="a">1</subfield><subfield code="f">v. ([15] p.) :</subfield><subfield code="b">ill. ;</subfield><subfield code="c">25 cm.</subfield></datafield><datafield tag="500" ind1=" " ind2=" "><subfield code="a">Watermark: No. 13/MILL.</subfield></datafield><datafield tag="500" ind1=" " ind2=" "><subfield code="a">Text rubricated; contains thumbnail sketches of the constellations.</subfield></datafield><datafield tag="500" ind1=" " ind2=" "><subfield code="a">Earliest date probably late 19th cent. based on appearance of paper and note in colophon with copyist's name, suggesting exemplar was in a library collection: nuqilat min ḍimn majmūʻah taṭ raqm 198 m mīqāt wa-nasakha dhālik al-ʻabd al-faqīr ... Maḥmūd Ṣidqī al-Nassākh.</subfield></datafield><datafield tag="510" ind1="4" ind2=" "><subfield code="a">EI2,</subfield><subfield code="c">v. i, p. 523b.</subfield></datafield><datafield tag="520" ind1=" " ind2=" "><subfield code="a">Believed to have been lost, this work contains "an explanation of the system of the anwāʾ ['the acronychal setting of a star or constellation and the heliacal rising of its opposite (raqīb)'], a list of the mansions,... etc.; the explanation is accompanied by maxims and poetry." Charles Pellat, "Anwāʾ," Encyclopedia of Islam, v. i (Leiden, 1957), p. 523b.</subfield></datafield><datafield tag="538" ind1=" " ind2=" "><subfield code="a">Mode of access: Internet.</subfield></datafield><datafield tag="541" ind1=" " ind2=" "><subfield code="d">06/16/34</subfield><subfield code="3">Manuscript</subfield><subfield code="a">History of Science, Meyerhof 29211</subfield><subfield code="c">Purchase, 1933/34</subfield><subfield code="h">20 p.t.</subfield></datafield><datafield tag="545" ind1=" " ind2=" "><subfield code="a">Originally a glass-polisher; a pupil of Muḥammad ibn Yazīd al-Mubarrad (d. 898); became a noted grammarian; eventually became tutor to Abbasid caliph al-Muʻtaḍid bi-Allāh (d. 902).</subfield></datafield><datafield tag="561" ind1=" " ind2=" "><subfield code="a">Purchased in Cairo, 1933/34. Owners' marks: inside cover, manuscript notes in handwriting of Max Meyerhof; inside cover, note in handwriting of Louis Charles Karpinski (?), "From Dr. Meyerhof in May, 1934."</subfield></datafield><datafield tag="650" ind1=" " ind2="0"><subfield code="a">Calendar</subfield><subfield code="y">Early works to 1800.</subfield></datafield><datafield tag="650" ind1=" " ind2="0"><subfield code="a">Astronomy, Arab</subfield><subfield code="y">Early works to 1800.</subfield></datafield><datafield tag="650" ind1=" " ind2="0"><subfield code="a">Manuscripts, Arabic</subfield><subfield code="z">Michigan</subfield><subfield code="z">Ann Arbor.</subfield></datafield><datafield tag="651" ind1=" " ind2="0"><subfield code="a">Moon</subfield><subfield code="y">Early works to 1800.</subfield></datafield><datafield tag="700" ind1="1" ind2=" "><subfield code="a">Karpinski, Louis Charles,</subfield><subfield code="d">1878-1956,</subfield><subfield code="e">former owner.</subfield></datafield><datafield tag="700" ind1="1" ind2=" "><subfield code="a">Meyerhof, Max,</subfield><subfield code="d">1874-1945,</subfield><subfield code="e">former owner.</subfield></datafield><datafield tag="773" ind1="0" ind2=" "><subfield code="a">Tracy W. McGregor Collection of Arabic, Persian, and Turkish Mathematical and Astronomical Manuscripts.</subfield><subfield code="7">unbc</subfield><subfield code="w">(CStRLIN)MIUH92-A20.</subfield></datafield><datafield tag="880" ind1="1" ind2="0"><subfield code="6">245-02/</subfield><subfield code="a">رسالة في دلالة الأنواء :</subfield><subfield code="k">manuscript،</subfield><subfield code="f">[2nd half of 19th cent.] /</subfield><subfield code="c">لأبي إسحق الزجاج.</subfield></datafield><datafield tag="880" ind1="0" ind2=" "><subfield code="6">100-01/</subfield><subfield code="a">أبو إسحق ابراهيم بن السري الزجاج.</subfield></datafield><datafield tag="CID" ind1=" " ind2=" "><subfield code="a">002583092</subfield></datafield><datafield tag="DAT" ind1="0" ind2=" "><subfield code="a">20190719102632.0</subfield><subfield code="b">20190719000000.0</subfield></datafield><datafield tag="DAT" ind1="1" ind2=" "><subfield code="a">20190719090653.0</subfield><subfield code="b">2019-07-19T16:10:32Z</subfield></datafield><datafield tag="DAT" ind1="2" ind2=" "><subfield code="a">2015-10-02T18:00:03Z</subfield><subfield code="b">2014-03-05T21:00:03Z</subfield></datafield><datafield tag="CAT" ind1=" " ind2=" "><subfield code="a">SDR-MIU</subfield><subfield code="d">EX LIBRIS - ALEPH</subfield><subfield code="l">prepare.pl-004-008</subfield></datafield><datafield tag="FMT" ind1=" " ind2=" "><subfield code="a">BK</subfield></datafield><datafield tag="HOL" ind1=" " ind2=" "><subfield code="0">sdr-miu002583092</subfield><subfield code="a">MiU</subfield><subfield code="b">SDR</subfield><subfield code="c">MIU</subfield><subfield code="p">mdp.39015081446844</subfield><subfield code="s">MIU</subfield><subfield code="1">002583092</subfield></datafield><datafield tag="974" ind1=" " ind2=" "><subfield code="b">MIU</subfield><subfield code="c">MIU</subfield><subfield code="d">20190719</subfield><subfield code="s">lit-dlps-dc</subfield><subfield code="u">mdp.39015081446844</subfield><subfield code="y">1899</subfield><subfield code="r">pd</subfield><subfield code="q">exp</subfield></datafield></record></collection>